@misc{ bigTable,
       author = "Fay Chang et. al.",
       title = "Bigtable: A Distributed Storage System for Structured Data",
       year = "2006" }